@misc{java,
	Author = {Oracle},
	Date-Added = {2013-03-23 21:39:21 +0000},
	Date-Modified = {2015-04-27 22:43:06 +0000},
	Title = {O que Ã© tecnologia Java e por que preciso dela?},
	Url = {https://www.java.com/pt-BR/download/help/whatis_java.html},
	Urlaccessdate = {09 de Agosto de 2023},
	Year = {2023},
	Bdsk-Url-1 = {https://www.java.com/pt-BR/download/help/whatis_java.html}}
	
@misc{jasper,
	Author = {JasperSoft},
	Date-Added = {2013-03-23 21:39:21 +0000},
	Date-Modified = {2015-04-27 22:43:06 +0000},
	Title = {JasperReports Library},
	Url = {https://community.jaspersoft.com/project/jasperreports-library},
	Urlaccessdate = {09 de Agosto de 2023},
	Year = {2023},
	Bdsk-Url-1 = {https://community.jaspersoft.com/project/jasperreports-library}}
	
@misc{poi,
	Author = {The Apache Software Foundation},
	Date-Added = {2013-03-23 21:39:21 +0000},
	Date-Modified = {2015-04-27 22:43:06 +0000},
	Title = {Apache POI - the Java API for Microsoft Documents},
	Url = {https://poi.apache.org/},
	Urlaccessdate = {09 de Agosto de 2023},
	Year = {2023},
	Bdsk-Url-1 = {https://poi.apache.org}}

@misc{maven,
	Author = {The Apache Software Foundation},
	Date-Added = {2013-03-23 21:39:21 +0000},
	Date-Modified = {2015-04-27 22:43:06 +0000},
	Title = {Welcome to Apache Maven},
	Url = {https://maven.apache.org/},
	Urlaccessdate = {09 de Agosto de 2023},
	Year = {2023},
	Bdsk-Url-1 = {https://maven.apache.org/}}

@misc{eclipse,
	Author = {Eclipse Foundation},
	Date-Added = {2013-03-23 21:39:21 +0000},
	Date-Modified = {2015-04-27 22:43:06 +0000},
	Title = {About the Eclipse Foundation},
	Url = {https://www.eclipse.org/org},
	Urlaccessdate = {09 de Agosto de 2023},
	Year = {2023},
	Bdsk-Url-1 = {https://www.eclipse.org/org}}